@book{Barone:1982,
author = {Barone, Antonio and Patern{\`{o}}, Gianfranco},
title = {{Physics and Applications of the Josephson Effect}},
booktitle = {Physics and Applications of the Josephson Effect},
month = {7},
year = {1982},
publisher = {Wiley},
isbn = {9780471014690},
doi = {10.1002/352760278X},
url = {https://onlinelibrary.wiley.com/doi/book/10.1002/352760278X},
}

@article{McCumber:1968,
author = {McCumber, D. E.},
title = {{Effect of ac Impedance on dc Voltage‐Current Characteristics of Superconductor Weak‐Link Junctions}},
journal = {Journal of Applied Physics},
volume = {39},
number = {7},
pages = {3113--3118},
month = {6},
year = {1968},
url = {http://aip.scitation.org/doi/10.1063/1.1656743},
doi = {10.1063/1.1656743},
issn = {0021-8979},
}

@article{Stewart:1974,
author = {Stewart, W. C.},
title = {{Current‐voltage characteristics of superconducting tunnel junctions}},
journal = {Journal of Applied Physics},
volume = {45},
number = {1},
pages = {452--456},
month = {1},
url = {http://aip.scitation.org/doi/10.1063/1.1663001},
year = {1974},
doi = {10.1063/1.1663001},
issn = {0021-8979},
}

@article{McDonald:1976,
author = {McDonald, D. G. and Johnson, E. G. and Harris, R. E.},
title = {{Modeling Josephson junctions}},
journal = {Physical Review B},
volume = {13},
number = {3},
pages = {1028--1031},
month = {2},
year = {1976},
url = {https://link.aps.org/doi/10.1103/PhysRevB.13.1028},
doi = {10.1103/PhysRevB.13.1028},
issn = {0556-2805},
}

@article{Likharev:1979,
author = {Likharev, K K},
title = {{Superconducting weak links}},
journal = {Reviews of Modern Physics},
volume = {51},
number = {1},
pages = {101--159},
month = {1},
year = {1979},
publisher = {American Physical Society},
url = {http://link.aps.org/doi/10.1103/RevModPhys.51.101},
doi = {10.1103/RevModPhys.51.101},
}

@article{Henry:1981,
author = {Henry, Richard W and Prober, Daniel E},
title = {{Electronic analogs of double‐junction and single‐junction SQUIDs}},
journal = {Review of Scientific Instruments},
volume = {52},
number = {6},
pages = {902--914},
month = {6},
year = {1981},
url = {https://doi.org/10.1063/1.1136689 http://aip.scitation.org/doi/10.1063/1.1136689},
doi = {10.1063/1.1136689},
issn = {0034-6748},
}

@article{Gurvitch:1983,
author = {Gurvitch, M and Washington, M A and Huggins, H A},
title = {{High quality refractory Josephson tunnel junctions utilizing thin aluminum layers}},
journal = {Applied Physics Letters},
volume = {42},
number = {5},
pages = {472--474},
month = {3},
year = {1983},
url = {https://doi.org/10.1063/1.93974 http://aip.scitation.org/doi/10.1063/1.93974},
doi = {10.1063/1.93974},
issn = {0003-6951},
}

@article{Kautz:1987,
author = {Kautz, R and Hamilton, C and Lloyd, F},
title = {{Series-array Josephson voltage standards}},
journal = {IEEE Transactions on Magnetics},
volume = {23},
number = {2},
pages = {883--890},
month = {3},
year = {1987},
url = {http://ieeexplore.ieee.org/document/1064949/},
doi = {10.1109/TMAG.1987.1064949},
issn = {0018-9464},
}

@article{Monaco:1990,
author = {Monaco, R},
title = {{Enhanced ac Josephson effect}},
journal = {Journal of Applied Physics},
volume = {68},
number = {2},
pages = {679--687},
month = {7},
year = {1990},
url = {https://doi.org/10.1063/1.346798 http://aip.scitation.org/doi/10.1063/1.346798},
doi = {10.1063/1.346798},
issn = {0021-8979},
}

@article{Knuth:1990,
author = {Knuth, Donald E.},
title = {{The Future of Tex and METAFONT}},
journal = {TUGboat},
volume = {11},
number = {4},
pages = {489},
month = {12},
year = {1990},
url = {https://www.tug.org/TUGboat/tb11-4/},
}

@article{Likharev:1991,
author = {Likharev, K.K. and Semenov, V.K.},
title = {{RSFQ logic/memory family: a new Josephson-junction technology for sub-terahertz-clock-frequency digital systems}},
journal = {IEEE Transactions on Appiled Superconductivity},
volume = {1},
number = {1},
pages = {3--28},
month = {3},
year = {1991},
url = {http://ieeexplore.ieee.org/xpls/abs{\_}all.jsp?arnumber=80745 http://ieeexplore.ieee.org/document/80745/},
doi = {10.1109/77.80745},
issn = {10518223},
}

@techreport{Boyanski:1992,
author = {Boyanski, Adam},
title = {{FPP - A Fortran Preprocessor}},
institution = {Department of Energy},
pages = {1--7},
arnumber = {November},
year = {1992},
}

@article{Benz:1995,
author = {Benz, S P},
title = {{Superconductor‐normal‐superconductor junctions for programmable voltage standards}},
journal = {Applied Physics Letters},
volume = {67},
number = {18},
pages = {2714--2716},
month = {10},
year = {1995},
url = {https://doi.org/10.1063/1.114302 http://aip.scitation.org/doi/10.1063/1.114302},
doi = {10.1063/1.114302},
issn = {0003-6951},
}

@article{Fritzsch:1998,
author = {Fritzsch, L and Schubert, M and Wende, G and Meyer, H.-G.},
title = {{Superconductor-normal metal-superconductor Josephson junctions with Ti interlayer}},
journal = {Applied Physics Letters},
volume = {73},
number = {11},
pages = {1583--1585},
month = {9},
year = {1998},
url = {https://doi.org/10.1063/1.122211 http://aip.scitation.org/doi/10.1063/1.122211},
doi = {10.1063/1.122211},
issn = {0003-6951},
}

@article{Moseley:1999,
author = {Moseley, R W and Booij, W E and Tarte, E J and Blamire, M G},
title = {{Direct writing of low Tc superconductor-normal metal-superconductor junctions using a focused ion beam}},
journal = {Applied Physics Letters},
volume = {75},
number = {2},
pages = {262--264},
month = {7},
year = {1999},
url = {http://scitation.aip.org/content/aip/journal/apl/75/2/10.1063/1.124342 http://aip.scitation.org/doi/10.1063/1.124342},
doi = {10.1063/1.124342},
issn = {0003-6951},
}

@article{Troeman:2007,
author = {Troeman, Aico G. P. and Derking, Hendrie and Borger, Bert and Pleikies, Johannes and Veldhuis, Dick and Hilgenkamp, Hans},
title = {NanoSQUIDs Based on Niobium Constrictions},
journal = {Nano Letters},
volume = {7},
number = {7},
pages = {2152--2156},
year = {2007},
URL = {https://doi.org/10.1021/nl070870f},
doi = {10.1021/nl070870f},
}

@inproceedings{Behr:2014,
author = {Behr, R. and Kieler, O. and Bauer, S. and Palafox, L. and Kohlmann, J.},
title = {{Development of a 1 V pulse-driven Josephson voltage standard}},
booktitle = {29th Conference on Precision Electromagnetic Measurements (CPEM 2014)},
publisher = {IEEE},
pages = {418--419},
month = {8},
year = {2014},
url = {http://ieeexplore.ieee.org/lpdocs/epic03/wrapper.htm?arnumber=6898437},
doi = {10.1109/CPEM.2014.6898437},
isbn = {978-1-4799-2479-0},
issn = {05891485},
}

@article{Cybart:2015,
author = {Cybart, Shane A and Cho, E Y and Wong, T J and Wehlin, Bj{\"{o}}rn H and Ma, Meng K and Huynh, Chuong and Dynes, R C},
title = {{Nano Josephson superconducting tunnel junctions in YBa2Cu3O7--$\delta$ directly patterned with a focused helium ion beam}},
journal = {Nature Nanotechnology},
volume = {10},
number = {7},
pages = {598--602},
month = {7},
year = {2015},
publisher = {Nature Publishing Group},
url = {http://dx.doi.org/10.1038/nnano.2015.76},
doi = {10.1038/nnano.2015.76},
}

@article{Granata:2015,
author = {Granata, Carmine and Vettoliere, Antonio and Russo, Roberto and Fretto, Matteo and Leo, Natascia De and Enrico, Emanuele and Lacquaniti, Vincenzo},
title = {{Ultra High Sensitive Niobium NanoSQUID by Focused Ion Beam Sculpting}},
journal = {Journal of Superconductivity and Novel Magnetism},
volume = {28},
number = {2},
pages = {585--589},
month = {2},
year = {2015},
url = {http://link.springer.com/10.1007/s10948-014-2693-y},
doi = {10.1007/s10948-014-2693-y},
issn = {1557-1939},
}

@article{Miyakawa:2020,
author = {Miyakawa, Tsuyoshi},
title = {No raw data, no science: another possible source of the reproducibility crisis},
journal = {Molecular Brain},
volume = {13},
number = {1},
pages = {1--6},
month = {2},
year = {2020},
url = {https://molecularbrain.biomedcentral.com/articles/10.1186/s13041-020-0552-2},
doi = {10.1186/s13041-020-0552-2},
issn = {1756-6606},
}



%===============================================================================

@incollection{Andreone:1991,
author = {Andreone, D and Lacquaniti, V and Maggi, S},
title = {{Experiments on Josephson Junctions Driven by a Bi-Harmonic RF Source}},
booktitle = {Nonlinear Superconductive Electronics and Josephson Devices},
publisher = {Springer US},
address = {Boston, MA},
pages = {37--43},
year = {1991},
url = {http://link.springer.com/10.1007/978-1-4615-3852-3{\_}3},
doi = {10.1007/978-1-4615-3852-3_3},
isbn = {0-306-44100-4},
}

@incollection{Andreone:1992,
author = {Andreone, D and Lacquaniti, V and Maggi, S},
title = {{Numerical and Experimental Results on Josephson Junctions Irradiated by a Biharmonic Drive}},
booktitle = {Superconducting Devices and Their Applications},
pages = {399--402},
year = {1992},
url = {http://www.springerlink.com/index/10.1007/978-3-642-77457-7{\_}71},
doi = {10.1007/978-3-642-77457-7_71},
isbn = {3-540-55396-7},
}

@article{Maggi:1996,
author = {Maggi, Sabino},
title = {{Step width enhancement in a pulse‐driven Josephson junction}},
journal = {Journal of Applied Physics},
volume = {79},
number = {10},
pages = {7860--7863},
month = {5},
year = {1996},
url = {https://aip.scitation.org/doi/10.1063/1.362395},
doi = {10.1063/1.362395},
issn = {0021-8979},
}

@article{Maggi:1997,
author = {Maggi, Sabino},
title = {{Enhanced phase locking in a Josephson junction driven by current pulses}},
journal = {Journal of Low Temperature Physics},
volume = {106},
number = {3-4},
pages = {399--404},
month = {2},
year = {1997},
url = {http://www.scopus.com/inward/record.url?eid=2-s2.0-0031076964{\&}partnerID=MN8TOARS http://link.springer.com/10.1007/BF02399645},
doi = {10.1007/BF02399645},
issn = {0022-2291},
}

@article{Lacquaniti:2003,
author = {Lacquaniti, Vincenzo and Maggi, Sabino and Steni, Raffaella and Cagliero, Chiara and Andreone, Domenico and Rocci, Roberto},
title = {{Nb/Al/Nb junctions with a wide range of characteristic voltages for superconducting electronic applications}},
journal = {IEEE Transactions on Appiled Superconductivity},
volume = {13},
number = {2},
pages = {146--149},
month = {6},
year = {2003},
url = {http://gateway.webofknowledge.com/gateway/Gateway.cgi?GWVersion=2{\&}SrcAuth=ORCID{\&}SrcApp=OrcidOrg{\&}DestLinkType=FullRecord{\&}DestApp=WOS{\_}CPL{\&}KeyUT=WOS:000184241700018{\&}KeyUID=WOS:000184241700018 http://ieeexplore.ieee.org/document/1211563/},
doi = {10.1109/TASC.2003.813667},
issn = {1051-8223},
}

@article{Maggi:2006a,
author = {Maggi, S and Agostino, A and Cagliero, C and Gonnelli, R and Lacquaniti, V and Verhoeve, P},
title = {{Development of Low Subgap Current Nb/Al STJ Detectors}},
journal = {Journal of Physics: Conference Series},
volume = {43},
pages = {1330--1333},
month = {6},
year = {2006},
url = {http://stacks.iop.org/1742-6596/43/i=1/a=325?key=crossref.efe119a281807876e6a278f86b53b534},
doi = {10.1088/1742-6596/43/1/325},
issn = {1742-6588},
}

@article{Maggi:2006b,
author = {Maggi, S and {De Leo}, N and Lacquaniti, V and Agostino, A and Gonnelli, R and Verhoeve, P},
title = {{Nb/Al STJ detectors with sub-nA subgap current}},
journal = {Physica C: Superconductivity and its Applications},
volume = {435},
number = {1-2},
pages = {103--106},
month = {3},
year = {2006},
url = {http://www.scopus.com/inward/record.url?eid=2-s2.0-33645019072{\&}partnerID=MN8TOARS https://linkinghub.elsevier.com/retrieve/pii/S0921453406000359},
doi = {10.1016/j.physc.2006.01.024},
issn = {09214534},
}


@inproceedings{Maggi:2007,
author = {Maggi, S and {De Leo}, N and Fretto, M and Lacquaniti, V and Agostino, A and Verhoeve, P},
title = {{Superconducting tunnel junction x-ray detectors with ultra-low subgap current}},
booktitle = {2007 2nd International Workshop on Advances in Sensors and Interface},
publisher = {IEEE},
pages = {1--6},
year = {2007},
url = {http://gateway.webofknowledge.com/gateway/Gateway.cgi?GWVersion=2{\&}SrcAuth=ORCID{\&}SrcApp=OrcidOrg{\&}DestLinkType=FullRecord{\&}DestApp=WOS{\_}CPL{\&}KeyUT=WOS:000255187600042{\&}KeyUID=WOS:000255187600042 http://ieeexplore.ieee.org/document/4420042/},
doi = {10.1109/IWASI.2007.4420042},
isbn = {978-1-4244-1244-0},
}


@article{DeLeo:2016,
author = {{De Leo}, Natascia and Fretto, Matteo and Lacquaniti, Vincenzo and Cassiago, Cristina and D'Ortenzi, Luca and Boarino, Luca and Maggi, Sabino},
title = {{Thickness Modulated Niobium Nanoconstrictions by Focused Ion Beam and Anodization}},
journal = {IEEE Transactions on Applied Superconductivity},
volume = {26},
number = {3},
pages = {1--5},
month = {4},
year = {2016},
url = {http://gateway.webofknowledge.com/gateway/Gateway.cgi?GWVersion=2{\&}SrcAuth=ORCID{\&}SrcApp=OrcidOrg{\&}DestLinkType=FullRecord{\&}DestApp=WOS{\_}CPL{\&}KeyUT=WOS:000374879800001{\&}KeyUID=WOS:000374879800001 http://ieeexplore.ieee.org/document/7433951/},
doi = {10.1109/TASC.2016.2542286},
issn = {1051-8223},
}



%===============================================================================

@article{Rougier:2018,
  doi = {10.1038/d41586-018-04628-w},
  year = {2018},
  month = apr,
  publisher = {Springer Nature},
  volume = {556},
  number = {7701},
  pages = {309--309},
  author = {Rougier, Nicolas P. and Hinsen, Konrad},
  title = {Code reviewing puts extra demands on referees },
  journal = {Nature},
}

@article{Science:2018,
  doi = {10.1126/science.359.6377.725},
  author = {Hutson, Matthew},
  url = {http://science.sciencemag.org/content/359/6377/725},
  year = {2018},
  month = feb,
  volume = {359},
  number = {6377},
  title = {Artificial intelligence faces a replication crisis},
  journal = {Science},
}

@Misc{Roboto:2011,
  author =       {Christian Robertson},
  title =        {The Roboto family of fonts (Google)},
  url =          {https://github.com/google/roboto},
  year =         2011,
  note =         {Apache License, verison 2.0},
}

@Misc{SourceSerifPro:2014,
  author =       {Frank Grießhammer},
  title =        {Source Serif Pro (Adobe Systems)},
  url =          {https://github.com/adobe-fonts/source-serif-pro},
  year =         2014,
  note =         {SIL Open Font License, version 1.1},
}

@Misc{SourceCodePro:2012,
  author =       {Paul D. Hunt},
  title =        {Source Code Pro (Adobe Systems)},
  url =          {https://github.com/adobe-fonts/source-code-pro},
  year =         2012,
  note =         {SIL Open Font License, version 1.1},
}

@article{Topalidou:2015,
  author =       {Topalidou, Meropi and Rougier, Nicolas P.},
  title =        {{[Re] Interaction between cognitive and motor cortico-basal
                  ganglia loops during decision making: a computational study}},
  journal =      {ReScience},
  year =         2015,
  volume =       1,
  number =       1,
  doi =          {10.5281/zenodo.27944},
}

@article{Rougier:2017,
  doi =          {10.7717/peerj-cs.142},
  author =       {Nicolas P. Rougier and Konrad Hinsen and Frédéric Alexandre
                  and Thomas Arildsen and Lorena Barba and Fabien
                  C. Y. Benureau and C. Titus Brown and Pierre de Buyl and Ozan
                  Caglayan and Andrew P. Davison and Marc André Delsuc and
                  Georgios Detorakis and Alexandra K. Diem and Damien Drix and
                  Pierre Enel and Benoît Girard and Olivia Guest and Matt
                  G. Hall and Rafael Neto Henriques and Xavier Hinaut and Kamil
                  S Jaron and Mehdi Khamassi and Almar Klein and Tiina Manninen
                  and Pietro Marchesi and Dan McGlinn and Christoph Metzner and
                  Owen L. Petchey and Hans Ekkehard Plesser and Timothée Poisot
                  and Karthik Ram and Yoav Ram and Etienne Roesch and Cyrille
                  Rossant and Vahid Rostami and Aaron Shifman and Joseph
                  Stachelek and Marcel Stimberg and Frank Stollmeier and
                  Federico Vaggi and Guillaume Viejo and Julien Vitay and Anya
                  Vostinar and Roman Yurchak and Tiziano Zito},
  title =        {{Sustainable computational science: the ReScience
                  initiative}},
  journal =      {{PeerJ} Computer Science},
  month =        12,
  volume =       3,
  pages =        {e142},
  year =         2017,
  github =       {https://github.com/ReScience/ReScience-article-2},
  keywords =     {journal},
  tags =         {OS},
}
