@book{Barone:1982,
author = {Barone, Antonio and Patern{\`{o}}, Gianfranco},
booktitle = {Physics and Applications of the Josephson Effect},
doi = {10.1002/352760278X},
isbn = {9780471014690},
mendeley-groups = {josephson},
month = {7},
publisher = {Wiley},
title = {{Physics and Applications of the Josephson Effect}},
url = {https://onlinelibrary.wiley.com/doi/book/10.1002/352760278X},
year = {1982}
}

@article{McCumber:1968,
author = {McCumber, D. E.},
doi = {10.1063/1.1656743},
issn = {0021-8979},
journal = {Journal of Applied Physics},
month = {6},
number = {7},
pages = {3113--3118},
title = {{Effect of ac Impedance on dc Voltage‐Current Characteristics of Superconductor Weak‐Link Junctions}},
url = {http://aip.scitation.org/doi/10.1063/1.1656743},
volume = {39},
year = {1968}
}

@article{Stewart:1974,
author = {Stewart, W. C.},
doi = {10.1063/1.1663001},
issn = {0021-8979},
journal = {Journal of Applied Physics},
month = {1},
number = {1},
pages = {452--456},
title = {{Current‐voltage characteristics of superconducting tunnel junctions}},
url = {http://aip.scitation.org/doi/10.1063/1.1663001},
volume = {45},
year = {1974}
}

@article{McDonald:1976,
author = {McDonald, D. G. and Johnson, E. G. and Harris, R. E.},
doi = {10.1103/PhysRevB.13.1028},
issn = {0556-2805},
journal = {Physical Review B},
month = {2},
number = {3},
pages = {1028--1031},
title = {{Modeling Josephson junctions}},
url = {https://link.aps.org/doi/10.1103/PhysRevB.13.1028},
volume = {13},
year = {1976}
}

@article{Likharev:1979,
author = {Likharev, K K},
doi = {10.1103/RevModPhys.51.101},
journal = {Reviews of Modern Physics},
month = {1},
number = {1},
pages = {101--159},
publisher = {American Physical Society},
title = {{Superconducting weak links}},
url = {http://link.aps.org/doi/10.1103/RevModPhys.51.101},
volume = {51},
year = {1979}
}

@article{Henry:1981,
author = {Henry, Richard W and Prober, Daniel E},
doi = {10.1063/1.1136689},
issn = {0034-6748},
journal = {Review of Scientific Instruments},
month = {6},
number = {6},
pages = {902--914},
title = {{Electronic analogs of double‐junction and single‐junction SQUIDs}},
url = {https://doi.org/10.1063/1.1136689 http://aip.scitation.org/doi/10.1063/1.1136689},
volume = {52},
year = {1981}
}

@article{Gurvitch:1983,
author = {Gurvitch, M and Washington, M A and Huggins, H A},
doi = {10.1063/1.93974},
issn = {0003-6951},
journal = {Applied Physics Letters},
month = {3},
number = {5},
pages = {472--474},
title = {{High quality refractory Josephson tunnel junctions utilizing thin aluminum layers}},
url = {https://doi.org/10.1063/1.93974 http://aip.scitation.org/doi/10.1063/1.93974},
volume = {42},
year = {1983}
}

@article{Kautz:1987,
author = {Kautz, R and Hamilton, C and Lloyd, F},
doi = {10.1109/TMAG.1987.1064949},
issn = {0018-9464},
journal = {IEEE Transactions on Magnetics},
keywords = {Calibration,Frequency measurement,Josephson device measurement applications,Josephson effect,Josephson junctions,Laboratories,Measurement standards,Measurement uncertainty,NIST,Standards development,Voltage,Voltage measurement},
month = {3},
number = {2},
pages = {883--890},
title = {{Series-array Josephson voltage standards}},
url = {http://ieeexplore.ieee.org/document/1064949/},
volume = {23},
year = {1987}
}

@article{Monaco:1990,
author = {Monaco, R},
doi = {10.1063/1.346798},
issn = {0021-8979},
journal = {Journal of Applied Physics},
month = {7},
number = {2},
pages = {679--687},
title = {{Enhanced ac Josephson effect}},
url = {https://doi.org/10.1063/1.346798 http://aip.scitation.org/doi/10.1063/1.346798},
volume = {68},
year = {1990}
}


@article{Likharev:1991,
author = {Likharev, K.K. and Semenov, V.K.},
doi = {10.1109/77.80745},
issn = {10518223},
journal = {IEEE Transactions on Appiled Superconductivity},
month = {3},
number = {1},
pages = {3--28},
title = {{RSFQ logic/memory family: a new Josephson-junction technology for sub-terahertz-clock-frequency digital systems}},
url = {http://ieeexplore.ieee.org/xpls/abs{\_}all.jsp?arnumber=80745 http://ieeexplore.ieee.org/document/80745/},
volume = {1},
year = {1991}
}

@techreport{Boyanski:1992,
abstract = {FPP is a preprocessor which aids in porting Fortran source code across differing platforms. It provides conditional compilation features to enable or disable sections of code, and can modify file names in INCLUDE statements to a syntax suitable for a target platform. FPP is written in Fortran 77, and runs on VMKMS, VAX/VMS, UNIX, and PC/DOS systems.},
author = {Boyanski, Adam},
institution = {Department of Energy},
arnumber = {November},
pages = {1--7},
title = {{FPP - A Fortran Preprocessor}},
year = {1992}
}

@article{Benz:1995,
author = {Benz, S P},
doi = {10.1063/1.114302},
issn = {0003-6951},
journal = {Applied Physics Letters},
month = {10},
number = {18},
pages = {2714--2716},
title = {{Superconductor‐normal‐superconductor junctions for programmable voltage standards}},
url = {https://doi.org/10.1063/1.114302 http://aip.scitation.org/doi/10.1063/1.114302},
volume = {67},
year = {1995}
}

@article{Fritzsch:1998,
author = {Fritzsch, L and Schubert, M and Wende, G and Meyer, H.-G.},
doi = {10.1063/1.122211},
issn = {0003-6951},
journal = {Applied Physics Letters},
month = {9},
number = {11},
pages = {1583--1585},
title = {{Superconductor-normal metal-superconductor Josephson junctions with Ti interlayer}},
url = {https://doi.org/10.1063/1.122211 http://aip.scitation.org/doi/10.1063/1.122211},
volume = {73},
year = {1998}
}

@article{Moseley:1999,
author = {Moseley, R W and Booij, W E and Tarte, E J and Blamire, M G},
doi = {10.1063/1.124342},
issn = {0003-6951},
journal = {Applied Physics Letters},
month = {7},
number = {2},
pages = {262--264},
title = {{Direct writing of low Tc superconductor-normal metal-superconductor junctions using a focused ion beam}},
url = {http://scitation.aip.org/content/aip/journal/apl/75/2/10.1063/1.124342 http://aip.scitation.org/doi/10.1063/1.124342},
volume = {75},
year = {1999}
}

@inproceedings{Behr:2014,
author = {Behr, R. and Kieler, O. and Bauer, S. and Palafox, L. and Kohlmann, J.},
booktitle = {29th Conference on Precision Electromagnetic Measurements (CPEM 2014)},
doi = {10.1109/CPEM.2014.6898437},
isbn = {978-1-4799-2479-0},
issn = {05891485},
keywords = {AC Josephson voltage standards,NbSi barrier Josephson junctions,pulse-driven Josephson series arrays,quantization,signal analysis},
month = {Aug},
pages = {418--419},
publisher = {IEEE},
title = {{Development of a 1 V pulse-driven Josephson voltage standard}},
url = {http://ieeexplore.ieee.org/lpdocs/epic03/wrapper.htm?arnumber=6898437},
year = {2014}
}

@article{Cybart:2015,
author = {Cybart, Shane A and Cho, E Y and Wong, T J and Wehlin, Bj{\"{o}}rn H and Ma, Meng K and Huynh, Chuong and Dynes, R C},
doi = {10.1038/nnano.2015.76},
journal = {Nature Nanotechnology},
month = {7},
number = {7},
pages = {598--602},
publisher = {Nature Publishing Group},
title = {{Nano Josephson superconducting tunnel junctions in YBa2Cu3O7--$\delta$ directly patterned with a focused helium ion beam}},
url = {http://dx.doi.org/10.1038/nnano.2015.76},
volume = {10},
year = {2015}
}

@article{Granata:2015,
author = {Granata, Carmine and Vettoliere, Antonio and Russo, Roberto and Fretto, Matteo and Leo, Natascia De and Enrico, Emanuele and Lacquaniti, Vincenzo},
doi = {10.1007/s10948-014-2693-y},
issn = {1557-1939},
journal = {Journal of Superconductivity and Novel Magnetism},
month = {2},
number = {2},
pages = {585--589},
title = {{Ultra High Sensitive Niobium NanoSQUID by Focused Ion Beam Sculpting}},
url = {http://link.springer.com/10.1007/s10948-014-2693-y},
volume = {28},
year = {2015}
}

@article{Miyakawa:2020,
author = {Miyakawa, Tsuyoshi},
doi = {10.1186/s13041-020-0552-2},
issn = {1756-6606},
journal = {Molecular Brain},
month = {2},
number = {1},
pages = {1--6},
title = {No raw data, no science: another possible source of the reproducibility crisis},
url = {https://molecularbrain.biomedcentral.com/articles/10.1186/s13041-020-0552-2},
volume = {13},
year = {2020}
}



%===============================================================================

@incollection{Andreone:1991,
address = {Boston, MA},
author = {Andreone, D and Lacquaniti, V and Maggi, S},
booktitle = {Nonlinear Superconductive Electronics and Josephson Devices},
doi = {10.1007/978-1-4615-3852-3_3},
isbn = {0-306-44100-4},
pages = {37--43},
publisher = {Springer US},
title = {{Experiments on Josephson Junctions Driven by a Bi-Harmonic RF Source}},
url = {http://link.springer.com/10.1007/978-1-4615-3852-3{\_}3},
year = {1991}
}

@incollection{Andreone:1992,
author = {Andreone, D and Lacquaniti, V and Maggi, S},
booktitle = {Superconducting Devices and Their Applications},
doi = {10.1007/978-3-642-77457-7_71},
isbn = {3-540-55396-7},
pages = {399--402},
title = {{Numerical and Experimental Results on Josephson Junctions Irradiated by a Biharmonic Drive}},
url = {http://www.springerlink.com/index/10.1007/978-3-642-77457-7{\_}71},
year = {1992}
}

@article{Maggi:1996,
author = {Maggi, S},
doi = {10.1063/1.362395},
issn = {0021-8979},
journal = {Journal of Applied Physics},
month = {5},
number = {10},
pages = {7860--7863},
title = {{Step width enhancement in a pulse‐driven Josephson junction}},
url = {https://aip.scitation.org/doi/10.1063/1.362395},
volume = {79},
year = {1996}
}

@article{Maggi:1997,
author = {Maggi, S},
doi = {10.1007/BF02399645},
issn = {0022-2291},
journal = {Journal of Low Temperature Physics},
month = {2},
number = {3-4},
pages = {399--404},
title = {{Enhanced phase locking in a Josephson junction driven by current pulses}},
url = {http://www.scopus.com/inward/record.url?eid=2-s2.0-0031076964{\&}partnerID=MN8TOARS http://link.springer.com/10.1007/BF02399645},
volume = {106},
year = {1997}
}

@article{Lacquaniti:2003,
author = {Lacquaniti, Vincenzo and Maggi, Sabino and Steni, Raffaella and Cagliero, Chiara and Andreone, Domenico and Rocci, Roberto},
doi = {10.1109/TASC.2003.813667},
issn = {1051-8223},
journal = {IEEE Transactions on Appiled Superconductivity},
month = {6},
number = {2},
pages = {146--149},
title = {{Nb/Al/Nb junctions with a wide range of characteristic voltages for superconducting electronic applications}},
url = {http://gateway.webofknowledge.com/gateway/Gateway.cgi?GWVersion=2{\&}SrcAuth=ORCID{\&}SrcApp=OrcidOrg{\&}DestLinkType=FullRecord{\&}DestApp=WOS{\_}CPL{\&}KeyUT=WOS:000184241700018{\&}KeyUID=WOS:000184241700018 http://ieeexplore.ieee.org/document/1211563/},
volume = {13},
year = {2003}
}

@article{Maggi:2006a,
author = {Maggi, S and Agostino, A and Cagliero, C and Gonnelli, R and Lacquaniti, V and Verhoeve, P},
doi = {10.1088/1742-6596/43/1/325},
issn = {1742-6588},
journal = {Journal of Physics: Conference Series},
month = {6},
pages = {1330--1333},
title = {{Development of Low Subgap Current Nb/Al STJ Detectors}},
url = {http://stacks.iop.org/1742-6596/43/i=1/a=325?key=crossref.efe119a281807876e6a278f86b53b534},
volume = {43},
year = {2006}
}

@article{Maggi:2006b,
author = {Maggi, S and {De Leo}, N and Lacquaniti, V and Agostino, A and Gonnelli, R and Verhoeve, P},
doi = {10.1016/j.physc.2006.01.024},
issn = {09214534},
journal = {Physica C: Superconductivity and its Applications},
month = {3},
number = {1-2},
pages = {103--106},
title = {{Nb/Al STJ detectors with sub-nA subgap current}},
url = {http://www.scopus.com/inward/record.url?eid=2-s2.0-33645019072{\&}partnerID=MN8TOARS https://linkinghub.elsevier.com/retrieve/pii/S0921453406000359},
volume = {435},
year = {2006}
}


@inproceedings{Maggi:2007,
author = {Maggi, S and {De Leo}, N and Fretto, M and Lacquaniti, V and Agostino, A and Verhoeve, P},
booktitle = {2007 2nd International Workshop on Advances in Sensors and Interface},
doi = {10.1109/IWASI.2007.4420042},
isbn = {978-1-4244-1244-0},
pages = {1--6},
publisher = {IEEE},
title = {{Superconducting tunnel junction x-ray detectors with ultra-low subgap current}},
url = {http://gateway.webofknowledge.com/gateway/Gateway.cgi?GWVersion=2{\&}SrcAuth=ORCID{\&}SrcApp=OrcidOrg{\&}DestLinkType=FullRecord{\&}DestApp=WOS{\_}CPL{\&}KeyUT=WOS:000255187600042{\&}KeyUID=WOS:000255187600042 http://ieeexplore.ieee.org/document/4420042/},
year = {2007}
}


@article{DeLeo:2016,
author = {{De Leo}, Natascia and Fretto, Matteo and Lacquaniti, Vincenzo and Cassiago, Cristina and D'Ortenzi, Luca and Boarino, Luca and Maggi, Sabino},
doi = {10.1109/TASC.2016.2542286},
issn = {1051-8223},
journal = {IEEE Transactions on Applied Superconductivity},
month = {4},
number = {3},
pages = {1--5},
title = {{Thickness Modulated Niobium Nanoconstrictions by Focused Ion Beam and Anodization}},
url = {http://gateway.webofknowledge.com/gateway/Gateway.cgi?GWVersion=2{\&}SrcAuth=ORCID{\&}SrcApp=OrcidOrg{\&}DestLinkType=FullRecord{\&}DestApp=WOS{\_}CPL{\&}KeyUT=WOS:000374879800001{\&}KeyUID=WOS:000374879800001 http://ieeexplore.ieee.org/document/7433951/},
volume = {26},
year = {2016}
}



%===============================================================================

@article{Rougier:2018,
  doi = {10.1038/d41586-018-04628-w},
  year = {2018},
  month = apr,
  publisher = {Springer Nature},
  volume = {556},
  number = {7701},
  pages = {309--309},
  author = {Rougier, Nicolas P. and Hinsen, Konrad},
  title = {Code reviewing puts extra demands on referees },
  journal = {Nature},
}

@article{Science:2018,
  doi = {10.1126/science.359.6377.725},
  author = {Hutson, Matthew},
  url = {http://science.sciencemag.org/content/359/6377/725},
  year = {2018},
  month = feb,
  volume = {359},
  number = {6377},
  title = {Artificial intelligence faces a replication crisis},
  journal = {Science},
}

@Misc{Roboto:2011,
  author =       {Christian Robertson},
  title =        {The Roboto family of fonts (Google)},
  url =          {https://github.com/google/roboto},
  year =         2011,
  note =         {Apache License, verison 2.0},
}

@Misc{SourceSerifPro:2014,
  author =       {Frank Grießhammer},
  title =        {Source Serif Pro (Adobe Systems)},
  url =          {https://github.com/adobe-fonts/source-serif-pro},
  year =         2014,
  note =         {SIL Open Font License, version 1.1},
}

@Misc{SourceCodePro:2012,
  author =       {Paul D. Hunt},
  title =        {Source Code Pro (Adobe Systems)},
  url =          {https://github.com/adobe-fonts/source-code-pro},
  year =         2012,
  note =         {SIL Open Font License, version 1.1},
}

@article{Topalidou:2015,
  author =       {Topalidou, Meropi and Rougier, Nicolas P.},
  title =        {{[Re] Interaction between cognitive and motor cortico-basal
                  ganglia loops during decision making: a computational study}},
  journal =      {ReScience},
  year =         2015,
  volume =       1,
  number =       1,
  doi =          {10.5281/zenodo.27944},
}

@article{Rougier:2017,
  doi =          {10.7717/peerj-cs.142},
  author =       {Nicolas P. Rougier and Konrad Hinsen and Frédéric Alexandre
                  and Thomas Arildsen and Lorena Barba and Fabien
                  C. Y. Benureau and C. Titus Brown and Pierre de Buyl and Ozan
                  Caglayan and Andrew P. Davison and Marc André Delsuc and
                  Georgios Detorakis and Alexandra K. Diem and Damien Drix and
                  Pierre Enel and Benoît Girard and Olivia Guest and Matt
                  G. Hall and Rafael Neto Henriques and Xavier Hinaut and Kamil
                  S Jaron and Mehdi Khamassi and Almar Klein and Tiina Manninen
                  and Pietro Marchesi and Dan McGlinn and Christoph Metzner and
                  Owen L. Petchey and Hans Ekkehard Plesser and Timothée Poisot
                  and Karthik Ram and Yoav Ram and Etienne Roesch and Cyrille
                  Rossant and Vahid Rostami and Aaron Shifman and Joseph
                  Stachelek and Marcel Stimberg and Frank Stollmeier and
                  Federico Vaggi and Guillaume Viejo and Julien Vitay and Anya
                  Vostinar and Roman Yurchak and Tiziano Zito},
  title =        {{Sustainable computational science: the ReScience
                  initiative}},
  journal =      {{PeerJ} Computer Science},
  month =        12,
  volume =       3,
  pages =        {e142},
  year =         2017,
  github =       {https://github.com/ReScience/ReScience-article-2},
  keywords =     {journal},
  tags =         {OS},
}
